<?xml version="1.0" encoding="UTF-8"?><collection xmlns="http://www.loc.gov/MARC21/slim"><record><leader>00518nam--2200169-u-4500</leader><controlfield tag="001">000055269</controlfield><controlfield tag="002">20161230</controlfield><controlfield tag="005">20161230201052</controlfield><controlfield tag="008">121206s1000------------r-----000-0-eng-d</controlfield><datafield ind1=" " ind2=" " tag="040"><subfield code="a">IFIN-HH</subfield></datafield><datafield ind1=" " ind2=" " tag="080"><subfield code="a">539.213(063)</subfield></datafield><datafield ind1="1" ind2=" " tag="110"><subfield code="a">Bhabha Atomic Research Centre Bombay</subfield></datafield><datafield ind1="1" ind2="0" tag="245"><subfield code="a">Amorphous materials</subfield><subfield code="b">Proceedings of the symposium on amorphous materials october 5-7, 1983</subfield></datafield><datafield ind1=" " ind2=" " tag="260"><subfield code="a">Bombay</subfield><subfield code="b">Bhabha Atomic Research Centre</subfield><subfield code="c">1983</subfield></datafield><datafield ind1=" " ind2=" " tag="300"><subfield code="a">XXVIII+493P</subfield></datafield><datafield ind1=" " ind2=" " tag="852"><subfield code="a">72219</subfield><subfield code="c">539.21</subfield></datafield><datafield ind1=" " ind2=" " tag="CAT"><subfield code="a">Sys</subfield><subfield code="c">20121206</subfield><subfield code="h">143212</subfield></datafield></record></collection>